<collection xmlns="http://www.loc.gov/MARC21/slim">
<record>
  <leader>01493nam0a2200265 i 450 </leader>
  <controlfield tag="001">IT\ICCU\CNCE\041549</controlfield>
  <controlfield tag="005">20150618000000.0</controlfield>
  <datafield tag="012" ind1=" " ind2=" ">
    <subfield code="a">onDo e,na e,ei Chla (C) 1563 (Q)</subfield>
    <subfield code="2">fei</subfield>
  </datafield>
  <datafield tag="100" ind1=" " ind2=" ">
    <subfield code="a">19981126f1563        0itac0103    ba</subfield>
  </datafield>
  <datafield tag="101" ind1=" " ind2=" ">
    <subfield code="a">ITA</subfield>
  </datafield>
  <datafield tag="102" ind1=" " ind2=" ">
    <subfield code="a">IT</subfield>
  </datafield>
  <datafield tag="200" ind1="1" ind2=" ">
    <subfield code="a">Festa de Diana, nella quale si contiene il principio delle felicissime nozze dell&apos;illustrissimo s. principe di Bisignano, et della eccellentissima signora donna Isabella Feltria della Rouere sua consorte. Composta per il Figolo da Caglie</subfield>
  </datafield>
  <datafield tag="210" ind1=" " ind2=" ">
    <subfield code="a">In Pesaro</subfield>
    <subfield code="c">per Gieronimo Cocordia \!!</subfield>
    <subfield code="d">\non prima del 1563!</subfield>
  </datafield>
  <datafield tag="215" ind1=" " ind2=" ">
    <subfield code="a">\20! c.</subfield>
    <subfield code="d">8ʻ</subfield>
  </datafield>
  <datafield tag="300" ind1=" " ind2=" ">
    <subfield code="a">La data si ricava dall&apos;attivit ̉del tipografo</subfield>
  </datafield>
  <datafield tag="620" ind1=" " ind2=" ">
    <subfield code="a">IT</subfield>
    <subfield code="d">Pesaro</subfield>
  </datafield>
  <datafield tag="700" ind1=" " ind2="1">
    <subfield code="a">Figoli,</subfield>
    <subfield code="b">Pietro Girolamo</subfield>
    <subfield code="3">IT\ICCU\CNCA\011291</subfield>
  </datafield>
  <datafield tag="712" ind1="0" ind2="0">
    <subfield code="a">Concordia, Girolamo</subfield>
    <subfield code="3">IT\ICCU\CNCT\000006</subfield>
    <subfield code="4">650</subfield>
  </datafield>
  <datafield tag="790" ind1=" " ind2="0">
    <subfield code="a">Figolo</subfield>
    <subfield code="c"> : da#Cagli</subfield>
    <subfield code="3">IT\ICCU\CNCA\019097</subfield>
    <subfield code="z">Figoli, Pietro Girolamo</subfield>
  </datafield>
  <datafield tag="791" ind1="0" ind2="0">
    <subfield code="a">Concordia, Hieronymus</subfield>
    <subfield code="3">IT\ICCU\CNCT\004659</subfield>
    <subfield code="z">Concordia, Girolamo</subfield>
  </datafield>
  <datafield tag="791" ind1="0" ind2="0">
    <subfield code="a">Concordia, Gieronimo</subfield>
    <subfield code="3">IT\ICCU\CNCT\004660</subfield>
    <subfield code="z">Concordia, Girolamo</subfield>
  </datafield>
  <datafield tag="801" ind1=" " ind2="3">
    <subfield code="a">IT</subfield>
    <subfield code="b">ICCU</subfield>
    <subfield code="c">20201114</subfield>
  </datafield>
  <datafield tag="899" ind1=" " ind2=" ">
    <subfield code="a">Biblioteca universitaria Alessandrina. Roma</subfield>
    <subfield code="1">RM0280</subfield>
    <subfield code="2">RML 01</subfield>
  </datafield>
  <datafield tag="911" ind1=" " ind2=" ">
    <subfield code="a">sul front.</subfield>
    <subfield code="9">IT\ICCU\CNCM\001625</subfield>
  </datafield>
  <datafield tag="921" ind1=" " ind2=" ">
    <subfield code="a">IT\ICCU\CNCM\001625</subfield>
    <subfield code="b">Su scoglio tempio con simulacro della divinit ̉e cigno che vola verso di esso con un nastro nel becco. In cornice figurata.</subfield>
    <subfield code="e">Immortalitatis templum typographia.</subfield>
    <subfield code="c">Z1159</subfield>
    <subfield code="d">Dimensioni: 7 x 7,7</subfield>
    <subfield code="f">SCOGLIO</subfield>
    <subfield code="f">TEMPIO</subfield>
    <subfield code="f">CIGNO</subfield>
    <subfield code="f">IMMORTALIT</subfield>
    <subfield code="g">[non prima del 1563]-1566</subfield>
  </datafield>
</record>
</collection>
